@article{axtell2022agent,
  title={Agent-based modeling in economics and finance: Past, present, and future},
  author={Axtell, Robert and Farmer, J. Doyne and others},
  journal={Journal of Economic Literature},
  year={2022}
}

@article{liu2020review,
  author={刘文财},
  title={基于Agent的金融市场模型研究进展综述},
  journal={系统工程理论与实践},
  year={2020},
  number={3},
  pages={547--562}
}

@article{gao2020wealth,
  author={高言},
  title={基于人工股票市场的财富分布及演化研究},
  journal={系统工程学报},
  year={2020},
  volume={35},
  number={4},
  pages={123--132}
}

@article{chen2021herding,
  author={陈莹},
  title={基于计算实验的协同羊群行为与市场波动研究},
  journal={统计与信息论坛},
  year={2021},
  volume={36},
  number={6},
  pages={87--93}
}

@article{bohorquez2024social,
  author={Bohorquez, Juan and Cartlidge, Jon},
  title={Social media bubble formation using agent-based modeling},
  journal={Complexity Economics},
  year={2024},
  note={Forthcoming}
}

@article{shi2020social,
  author={石勇},
  title={社交媒体投资者关注、投资者情绪对中国股票市场的影响},
  journal={金融论坛},
  year={2020},
  volume={25},
  number={8},
  pages={58--66}
}

@article{cheng2019emotion,
  author={程琬芸},
  title={社交媒体的投资者涨跌情绪与证券市场指数},
  journal={技术经济与管理研究},
  year={2019},
  number={3},
  pages={112--118}
}

@article{li2018emotion,
  author={李岩 and 金德环},
  title={投资者情绪与股票收益关系的实证检验},
  journal={统计与决策},
  year={2018},
  number={15},
  pages={166--169}
}
